@online{www1,
  TITLE =        {Github Copilot},
  URL =    		 {https://github.com/features/copilot},
  URLDATE =		 {2025-01-12}
}

@online{www2,
	TITLE =        {pbiecek gitbooks},
	URL =    		 {https://pbiecek.gitbooks.io/przewodnik/content/Programowanie/jak_wczytac_tabele_danych_z_pliku_csv_lub_txt.html},
	URLDATE =		 {2025-01-12}
}

@online{www3,
	TITLE =        {Algorytm edu},
	URL =    		 {https://www.algorytm.edu.pl/pliki-tekstowe/czytanie-pliku.html},
	URLDATE =		 {2025-01-12}
}
@online{www4,
	TITLE =        {Binarnie c++},
	URL =    		 {https://binarnie.pl/odczyt-zapis-danych-pliku-c/},
	URLDATE =		 {2025-01-12}
}
